%YAML 1.1
%TAG !u! tag:unity3d.com,2011:
--- !u!1 &5005335760245299366
GameObject:
  m_ObjectHideFlags: 0
  m_CorrespondingSourceObject: {fileID: 0}
  m_PrefabInstance: {fileID: 0}
  m_PrefabAsset: {fileID: 0}
  serializedVersion: 6
  m_Component:
  - component: {fileID: 6372202240886494102}
  - component: {fileID: 3142053458985845734}
  - component: {fileID: 526838078}
  - component: {fileID: 4144060526819344447}
  m_Layer: 0
  m_Name: Floor Block
  m_TagString: Untagged
  m_Icon: {fileID: 0}
  m_NavMeshLayer: 0
  m_StaticEditorFlags: 0
  m_IsActive: 1
--- !u!4 &6372202240886494102
Transform:
  m_ObjectHideFlags: 0
  m_CorrespondingSourceObject: {fileID: 0}
  m_PrefabInstance: {fileID: 0}
  m_PrefabAsset: {fileID: 0}
  m_GameObject: {fileID: 5005335760245299366}
  m_LocalRotation: {x: 0, y: 0, z: 0, w: 1}
  m_LocalPosition: {x: 0, y: 0, z: 0}
  m_LocalScale: {x: 10, y: 10, z: 10}
  m_Children:
  - {fileID: 8921252724871574682}
  - {fileID: 2300126062972420209}
  m_Father: {fileID: 0}
  m_RootOrder: 0
  m_LocalEulerAnglesHint: {x: 0, y: 0, z: 0}
--- !u!114 &3142053458985845734
MonoBehaviour:
  m_ObjectHideFlags: 0
  m_CorrespondingSourceObject: {fileID: 0}
  m_PrefabInstance: {fileID: 0}
  m_PrefabAsset: {fileID: 0}
  m_GameObject: {fileID: 5005335760245299366}
  m_Enabled: 1
  m_EditorHideFlags: 0
  m_Script: {fileID: 11500000, guid: c2d9ab71e3f3b7649beb1866d5560890, type: 3}
  m_Name: 
  m_EditorClassIdentifier: 
  isExploreOff: 0
  isPlacable: 1
  isBlocked: 0
  exploredFrom: {fileID: 0}
--- !u!65 &526838078
BoxCollider:
  m_ObjectHideFlags: 0
  m_CorrespondingSourceObject: {fileID: 0}
  m_PrefabInstance: {fileID: 0}
  m_PrefabAsset: {fileID: 0}
  m_GameObject: {fileID: 5005335760245299366}
  m_Material: {fileID: 0}
  m_IsTrigger: 0
  m_Enabled: 1
  serializedVersion: 2
  m_Size: {x: 1, y: 0.10449701, z: 1}
  m_Center: {x: 0, y: -0.04072349, z: 0}
--- !u!114 &4144060526819344447
MonoBehaviour:
  m_ObjectHideFlags: 0
  m_CorrespondingSourceObject: {fileID: 0}
  m_PrefabInstance: {fileID: 0}
  m_PrefabAsset: {fileID: 0}
  m_GameObject: {fileID: 5005335760245299366}
  m_Enabled: 1
  m_EditorHideFlags: 0
  m_Script: {fileID: 11500000, guid: 404fbd596cc19d543a3dbebe543daed8, type: 3}
  m_Name: 
  m_EditorClassIdentifier: 
--- !u!1 &5569200142611761442
GameObject:
  m_ObjectHideFlags: 0
  m_CorrespondingSourceObject: {fileID: 0}
  m_PrefabInstance: {fileID: 0}
  m_PrefabAsset: {fileID: 0}
  serializedVersion: 6
  m_Component:
  - component: {fileID: 8921252724871574682}
  - component: {fileID: 2489970933412122357}
  - component: {fileID: 1518658212332043717}
  - component: {fileID: 4764971602834198202}
  m_Layer: 0
  m_Name: Top
  m_TagString: Untagged
  m_Icon: {fileID: 0}
  m_NavMeshLayer: 0
  m_StaticEditorFlags: 0
  m_IsActive: 1
--- !u!4 &8921252724871574682
Transform:
  m_ObjectHideFlags: 0
  m_CorrespondingSourceObject: {fileID: 0}
  m_PrefabInstance: {fileID: 0}
  m_PrefabAsset: {fileID: 0}
  m_GameObject: {fileID: 5569200142611761442}
  m_LocalRotation: {x: 0.7071068, y: -0, z: -0, w: 0.7071068}
  m_LocalPosition: {x: 0, y: 0, z: 0}
  m_LocalScale: {x: 1, y: 1, z: 1}
  m_Children:
  - {fileID: 6449303471274347480}
  m_Father: {fileID: 6372202240886494102}
  m_RootOrder: 0
  m_LocalEulerAnglesHint: {x: 90, y: 0, z: 0}
--- !u!33 &2489970933412122357
MeshFilter:
  m_ObjectHideFlags: 0
  m_CorrespondingSourceObject: {fileID: 0}
  m_PrefabInstance: {fileID: 0}
  m_PrefabAsset: {fileID: 0}
  m_GameObject: {fileID: 5569200142611761442}
  m_Mesh: {fileID: 10210, guid: 0000000000000000e000000000000000, type: 0}
--- !u!23 &1518658212332043717
MeshRenderer:
  m_ObjectHideFlags: 0
  m_CorrespondingSourceObject: {fileID: 0}
  m_PrefabInstance: {fileID: 0}
  m_PrefabAsset: {fileID: 0}
  m_GameObject: {fileID: 5569200142611761442}
  m_Enabled: 0
  m_CastShadows: 1
  m_ReceiveShadows: 1
  m_DynamicOccludee: 1
  m_MotionVectors: 1
  m_LightProbeUsage: 1
  m_ReflectionProbeUsage: 1
  m_RayTracingMode: 2
  m_RenderingLayerMask: 1
  m_RendererPriority: 0
  m_Materials:
  - {fileID: 2100000, guid: 50ada6031dd422e49bdb14d4b80e0f77, type: 2}
  m_StaticBatchInfo:
    firstSubMesh: 0
    subMeshCount: 0
  m_StaticBatchRoot: {fileID: 0}
  m_ProbeAnchor: {fileID: 0}
  m_LightProbeVolumeOverride: {fileID: 0}
  m_ScaleInLightmap: 1
  m_ReceiveGI: 1
  m_PreserveUVs: 0
  m_IgnoreNormalsForChartDetection: 0
  m_ImportantGI: 0
  m_StitchLightmapSeams: 1
  m_SelectedEditorRenderState: 3
  m_MinimumChartSize: 4
  m_AutoUVMaxDistance: 0.5
  m_AutoUVMaxAngle: 89
  m_LightmapParameters: {fileID: 0}
  m_SortingLayerID: 0
  m_SortingLayer: 0
  m_SortingOrder: 0
--- !u!64 &4764971602834198202
MeshCollider:
  m_ObjectHideFlags: 0
  m_CorrespondingSourceObject: {fileID: 0}
  m_PrefabInstance: {fileID: 0}
  m_PrefabAsset: {fileID: 0}
  m_GameObject: {fileID: 5569200142611761442}
  m_Material: {fileID: 0}
  m_IsTrigger: 0
  m_Enabled: 1
  serializedVersion: 3
  m_Convex: 0
  m_CookingOptions: 30
  m_Mesh: {fileID: 10210, guid: 0000000000000000e000000000000000, type: 0}
--- !u!1 &5984918885080870487
GameObject:
  m_ObjectHideFlags: 0
  m_CorrespondingSourceObject: {fileID: 0}
  m_PrefabInstance: {fileID: 0}
  m_PrefabAsset: {fileID: 0}
  serializedVersion: 6
  m_Component:
  - component: {fileID: 6449303471274347480}
  - component: {fileID: 8072838159993980104}
  - component: {fileID: 4201670834982852422}
  m_Layer: 0
  m_Name: Label
  m_TagString: Untagged
  m_Icon: {fileID: 0}
  m_NavMeshLayer: 0
  m_StaticEditorFlags: 0
  m_IsActive: 1
--- !u!4 &6449303471274347480
Transform:
  m_ObjectHideFlags: 0
  m_CorrespondingSourceObject: {fileID: 0}
  m_PrefabInstance: {fileID: 0}
  m_PrefabAsset: {fileID: 0}
  m_GameObject: {fileID: 5984918885080870487}
  m_LocalRotation: {x: 0, y: 0, z: 0, w: 1}
  m_LocalPosition: {x: 0, y: 0, z: 0}
  m_LocalScale: {x: 0.031350575, y: 0.031350575, z: 0.031350575}
  m_Children: []
  m_Father: {fileID: 8921252724871574682}
  m_RootOrder: 0
  m_LocalEulerAnglesHint: {x: 0, y: 0, z: 0}
--- !u!23 &8072838159993980104
MeshRenderer:
  m_ObjectHideFlags: 0
  m_CorrespondingSourceObject: {fileID: 0}
  m_PrefabInstance: {fileID: 0}
  m_PrefabAsset: {fileID: 0}
  m_GameObject: {fileID: 5984918885080870487}
  m_Enabled: 0
  m_CastShadows: 1
  m_ReceiveShadows: 1
  m_DynamicOccludee: 1
  m_MotionVectors: 1
  m_LightProbeUsage: 1
  m_ReflectionProbeUsage: 1
  m_RayTracingMode: 2
  m_RenderingLayerMask: 1
  m_RendererPriority: 0
  m_Materials:
  - {fileID: 10100, guid: 0000000000000000e000000000000000, type: 0}
  m_StaticBatchInfo:
    firstSubMesh: 0
    subMeshCount: 0
  m_StaticBatchRoot: {fileID: 0}
  m_ProbeAnchor: {fileID: 0}
  m_LightProbeVolumeOverride: {fileID: 0}
  m_ScaleInLightmap: 1
  m_ReceiveGI: 1
  m_PreserveUVs: 0
  m_IgnoreNormalsForChartDetection: 0
  m_ImportantGI: 0
  m_StitchLightmapSeams: 1
  m_SelectedEditorRenderState: 3
  m_MinimumChartSize: 4
  m_AutoUVMaxDistance: 0.5
  m_AutoUVMaxAngle: 89
  m_LightmapParameters: {fileID: 0}
  m_SortingLayerID: 0
  m_SortingLayer: 0
  m_SortingOrder: 0
--- !u!102 &4201670834982852422
TextMesh:
  serializedVersion: 3
  m_ObjectHideFlags: 0
  m_CorrespondingSourceObject: {fileID: 0}
  m_PrefabInstance: {fileID: 0}
  m_PrefabAsset: {fileID: 0}
  m_GameObject: {fileID: 5984918885080870487}
  m_Text: 0,0
  m_OffsetZ: 0
  m_CharacterSize: 1
  m_LineSpacing: 1
  m_Anchor: 4
  m_Alignment: 1
  m_TabSize: 4
  m_FontSize: 100
  m_FontStyle: 0
  m_RichText: 1
  m_Font: {fileID: 10102, guid: 0000000000000000e000000000000000, type: 0}
  m_Color:
    serializedVersion: 2
    rgba: 4278190080
--- !u!1 &6195464044687604977
GameObject:
  m_ObjectHideFlags: 0
  m_CorrespondingSourceObject: {fileID: 0}
  m_PrefabInstance: {fileID: 0}
  m_PrefabAsset: {fileID: 0}
  serializedVersion: 6
  m_Component:
  - component: {fileID: 1520039230327974610}
  - component: {fileID: 6957019215494597705}
  - component: {fileID: 922413056745269112}
  - component: {fileID: 3825167066081117889}
  m_Layer: 0
  m_Name: Cube (18)
  m_TagString: Untagged
  m_Icon: {fileID: 0}
  m_NavMeshLayer: 0
  m_StaticEditorFlags: 0
  m_IsActive: 1
--- !u!4 &1520039230327974610
Transform:
  m_ObjectHideFlags: 0
  m_CorrespondingSourceObject: {fileID: 0}
  m_PrefabInstance: {fileID: 0}
  m_PrefabAsset: {fileID: 0}
  m_GameObject: {fileID: 6195464044687604977}
  m_LocalRotation: {x: -0, y: -0, z: -0, w: 1}
  m_LocalPosition: {x: 3.69043, y: 3.0371094, z: 5}
  m_LocalScale: {x: 0.75, y: 3.45, z: 0.25}
  m_Children: []
  m_Father: {fileID: 2300126062972420209}
  m_RootOrder: 18
  m_LocalEulerAnglesHint: {x: 0, y: 0, z: 0}
--- !u!33 &6957019215494597705
MeshFilter:
  m_ObjectHideFlags: 0
  m_CorrespondingSourceObject: {fileID: 0}
  m_PrefabInstance: {fileID: 0}
  m_PrefabAsset: {fileID: 0}
  m_GameObject: {fileID: 6195464044687604977}
  m_Mesh: {fileID: 10202, guid: 0000000000000000e000000000000000, type: 0}
--- !u!23 &922413056745269112
MeshRenderer:
  m_ObjectHideFlags: 0
  m_CorrespondingSourceObject: {fileID: 0}
  m_PrefabInstance: {fileID: 0}
  m_PrefabAsset: {fileID: 0}
  m_GameObject: {fileID: 6195464044687604977}
  m_Enabled: 1
  m_CastShadows: 1
  m_ReceiveShadows: 1
  m_DynamicOccludee: 1
  m_MotionVectors: 1
  m_LightProbeUsage: 1
  m_ReflectionProbeUsage: 1
  m_RayTracingMode: 2
  m_RenderingLayerMask: 1
  m_RendererPriority: 0
  m_Materials:
  - {fileID: 2100000, guid: 1ba859ab804ca0f4d8d1ce1999a8f7f2, type: 2}
  m_StaticBatchInfo:
    firstSubMesh: 0
    subMeshCount: 0
  m_StaticBatchRoot: {fileID: 0}
  m_ProbeAnchor: {fileID: 0}
  m_LightProbeVolumeOverride: {fileID: 0}
  m_ScaleInLightmap: 1
  m_ReceiveGI: 1
  m_PreserveUVs: 0
  m_IgnoreNormalsForChartDetection: 0
  m_ImportantGI: 0
  m_StitchLightmapSeams: 1
  m_SelectedEditorRenderState: 3
  m_MinimumChartSize: 4
  m_AutoUVMaxDistance: 0.5
  m_AutoUVMaxAngle: 89
  m_LightmapParameters: {fileID: 0}
  m_SortingLayerID: 0
  m_SortingLayer: 0
  m_SortingOrder: 0
--- !u!65 &3825167066081117889
BoxCollider:
  m_ObjectHideFlags: 0
  m_CorrespondingSourceObject: {fileID: 0}
  m_PrefabInstance: {fileID: 0}
  m_PrefabAsset: {fileID: 0}
  m_GameObject: {fileID: 6195464044687604977}
  m_Material: {fileID: 0}
  m_IsTrigger: 0
  m_Enabled: 1
  serializedVersion: 2
  m_Size: {x: 1, y: 1, z: 1}
  m_Center: {x: 0, y: 0, z: 0}
--- !u!1 &8787996773003953923
GameObject:
  m_ObjectHideFlags: 0
  m_CorrespondingSourceObject: {fileID: 0}
  m_PrefabInstance: {fileID: 0}
  m_PrefabAsset: {fileID: 0}
  serializedVersion: 6
  m_Component:
  - component: {fileID: 1370589694675792250}
  - component: {fileID: 1961051218705319883}
  - component: {fileID: 4970669569451280807}
  - component: {fileID: 2091096623726273656}
  m_Layer: 0
  m_Name: Cube (17)
  m_TagString: Untagged
  m_Icon: {fileID: 0}
  m_NavMeshLayer: 0
  m_StaticEditorFlags: 0
  m_IsActive: 1
--- !u!4 &1370589694675792250
Transform:
  m_ObjectHideFlags: 0
  m_CorrespondingSourceObject: {fileID: 0}
  m_PrefabInstance: {fileID: 0}
  m_PrefabAsset: {fileID: 0}
  m_GameObject: {fileID: 8787996773003953923}
  m_LocalRotation: {x: -0, y: -0, z: -0, w: 1}
  m_LocalPosition: {x: 4.19043, y: 3.0371094, z: 0}
  m_LocalScale: {x: 0.25, y: 3.45, z: 10.25}
  m_Children: []
  m_Father: {fileID: 2300126062972420209}
  m_RootOrder: 17
  m_LocalEulerAnglesHint: {x: 0, y: 0, z: 0}
--- !u!33 &1961051218705319883
MeshFilter:
  m_ObjectHideFlags: 0
  m_CorrespondingSourceObject: {fileID: 0}
  m_PrefabInstance: {fileID: 0}
  m_PrefabAsset: {fileID: 0}
  m_GameObject: {fileID: 8787996773003953923}
  m_Mesh: {fileID: 10202, guid: 0000000000000000e000000000000000, type: 0}
--- !u!23 &4970669569451280807
MeshRenderer:
  m_ObjectHideFlags: 0
  m_CorrespondingSourceObject: {fileID: 0}
  m_PrefabInstance: {fileID: 0}
  m_PrefabAsset: {fileID: 0}
  m_GameObject: {fileID: 8787996773003953923}
  m_Enabled: 1
  m_CastShadows: 1
  m_ReceiveShadows: 1
  m_DynamicOccludee: 1
  m_MotionVectors: 1
  m_LightProbeUsage: 1
  m_ReflectionProbeUsage: 1
  m_RayTracingMode: 2
  m_RenderingLayerMask: 1
  m_RendererPriority: 0
  m_Materials:
  - {fileID: 2100000, guid: 1ba859ab804ca0f4d8d1ce1999a8f7f2, type: 2}
  m_StaticBatchInfo:
    firstSubMesh: 0
    subMeshCount: 0
  m_StaticBatchRoot: {fileID: 0}
  m_ProbeAnchor: {fileID: 0}
  m_LightProbeVolumeOverride: {fileID: 0}
  m_ScaleInLightmap: 1
  m_ReceiveGI: 1
  m_PreserveUVs: 0
  m_IgnoreNormalsForChartDetection: 0
  m_ImportantGI: 0
  m_StitchLightmapSeams: 1
  m_SelectedEditorRenderState: 3
  m_MinimumChartSize: 4
  m_AutoUVMaxDistance: 0.5
  m_AutoUVMaxAngle: 89
  m_LightmapParameters: {fileID: 0}
  m_SortingLayerID: 0
  m_SortingLayer: 0
  m_SortingOrder: 0
--- !u!65 &2091096623726273656
BoxCollider:
  m_ObjectHideFlags: 0
  m_CorrespondingSourceObject: {fileID: 0}
  m_PrefabInstance: {fileID: 0}
  m_PrefabAsset: {fileID: 0}
  m_GameObject: {fileID: 8787996773003953923}
  m_Material: {fileID: 0}
  m_IsTrigger: 0
  m_Enabled: 1
  serializedVersion: 2
  m_Size: {x: 1, y: 1, z: 1}
  m_Center: {x: 0, y: 0, z: 0}
--- !u!1001 &5668600898986047536
PrefabInstance:
  m_ObjectHideFlags: 0
  serializedVersion: 2
  m_Modification:
    m_TransformParent: {fileID: 6372202240886494102}
    m_Modifications:
    - target: {fileID: 94363930733122923, guid: 67274aa9bc606784895d4416dac968da,
        type: 3}
      propertyPath: m_LocalScale.z
      value: 10.25
      objectReference: {fileID: 0}
    - target: {fileID: 94363930733122923, guid: 67274aa9bc606784895d4416dac968da,
        type: 3}
      propertyPath: m_LocalPosition.z
      value: 0
      objectReference: {fileID: 0}
    - target: {fileID: 511962573003536165, guid: 67274aa9bc606784895d4416dac968da,
        type: 3}
      propertyPath: m_LocalScale.z
      value: 10.25
      objectReference: {fileID: 0}
    - target: {fileID: 511962573003536165, guid: 67274aa9bc606784895d4416dac968da,
        type: 3}
      propertyPath: m_LocalPosition.z
      value: 0
      objectReference: {fileID: 0}
    - target: {fileID: 516831668954428027, guid: 67274aa9bc606784895d4416dac968da,
        type: 3}
      propertyPath: m_LocalScale.z
      value: 10.25
      objectReference: {fileID: 0}
    - target: {fileID: 516831668954428027, guid: 67274aa9bc606784895d4416dac968da,
        type: 3}
      propertyPath: m_LocalPosition.z
      value: 0
      objectReference: {fileID: 0}
    - target: {fileID: 595276929807874516, guid: 67274aa9bc606784895d4416dac968da,
        type: 3}
      propertyPath: m_LocalPosition.z
      value: 5
      objectReference: {fileID: 0}
    - target: {fileID: 938793000717862043, guid: 67274aa9bc606784895d4416dac968da,
        type: 3}
      propertyPath: m_LocalScale.z
      value: 10.25
      objectReference: {fileID: 0}
    - target: {fileID: 938793000717862043, guid: 67274aa9bc606784895d4416dac968da,
        type: 3}
      propertyPath: m_LocalPosition.z
      value: 0
      objectReference: {fileID: 0}
    - target: {fileID: 943629736306285328, guid: 67274aa9bc606784895d4416dac968da,
        type: 3}
      propertyPath: m_LocalScale.z
      value: 10.25
      objectReference: {fileID: 0}
    - target: {fileID: 943629736306285328, guid: 67274aa9bc606784895d4416dac968da,
        type: 3}
      propertyPath: m_LocalPosition.z
      value: 0
      objectReference: {fileID: 0}
    - target: {fileID: 1838366623959671420, guid: 67274aa9bc606784895d4416dac968da,
        type: 3}
      propertyPath: m_LocalScale.z
      value: 10.25
      objectReference: {fileID: 0}
    - target: {fileID: 1838366623959671420, guid: 67274aa9bc606784895d4416dac968da,
        type: 3}
      propertyPath: m_LocalPosition.z
      value: 0
      objectReference: {fileID: 0}
    - target: {fileID: 1957296912395685643, guid: 67274aa9bc606784895d4416dac968da,
        type: 3}
      propertyPath: m_LocalScale.z
      value: 10.25
      objectReference: {fileID: 0}
    - target: {fileID: 1957296912395685643, guid: 67274aa9bc606784895d4416dac968da,
        type: 3}
      propertyPath: m_LocalPosition.z
      value: 0
      objectReference: {fileID: 0}
    - target: {fileID: 2833145962392021036, guid: 67274aa9bc606784895d4416dac968da,
        type: 3}
      propertyPath: m_LocalPosition.z
      value: -5
      objectReference: {fileID: 0}
    - target: {fileID: 4094377009348832915, guid: 67274aa9bc606784895d4416dac968da,
        type: 3}
      propertyPath: m_LocalPosition.z
      value: 5
      objectReference: {fileID: 0}
    - target: {fileID: 4275696608647652722, guid: 67274aa9bc606784895d4416dac968da,
        type: 3}
      propertyPath: m_LocalScale.z
      value: 10.25
      objectReference: {fileID: 0}
    - target: {fileID: 4275696608647652722, guid: 67274aa9bc606784895d4416dac968da,
        type: 3}
      propertyPath: m_LocalPosition.z
      value: 0
      objectReference: {fileID: 0}
    - target: {fileID: 4293278178432120101, guid: 67274aa9bc606784895d4416dac968da,
        type: 3}
      propertyPath: m_LocalScale.z
      value: 10.25
      objectReference: {fileID: 0}
    - target: {fileID: 4293278178432120101, guid: 67274aa9bc606784895d4416dac968da,
        type: 3}
      propertyPath: m_LocalPosition.z
      value: 0
      objectReference: {fileID: 0}
    - target: {fileID: 5855059999613728833, guid: 67274aa9bc606784895d4416dac968da,
        type: 3}
      propertyPath: m_LocalPosition.x
      value: -0.0057
      objectReference: {fileID: 0}
    - target: {fileID: 5855059999613728833, guid: 67274aa9bc606784895d4416dac968da,
        type: 3}
      propertyPath: m_LocalPosition.y
      value: -0.073
      objectReference: {fileID: 0}
    - target: {fileID: 5855059999613728833, guid: 67274aa9bc606784895d4416dac968da,
        type: 3}
      propertyPath: m_LocalPosition.z
      value: 0
      objectReference: {fileID: 0}
    - target: {fileID: 5855059999613728833, guid: 67274aa9bc606784895d4416dac968da,
        type: 3}
      propertyPath: m_LocalRotation.x
      value: 0
      objectReference: {fileID: 0}
    - target: {fileID: 5855059999613728833, guid: 67274aa9bc606784895d4416dac968da,
        type: 3}
      propertyPath: m_LocalRotation.y
      value: 0
      objectReference: {fileID: 0}
    - target: {fileID: 5855059999613728833, guid: 67274aa9bc606784895d4416dac968da,
        type: 3}
      propertyPath: m_LocalRotation.z
      value: 0
      objectReference: {fileID: 0}
    - target: {fileID: 5855059999613728833, guid: 67274aa9bc606784895d4416dac968da,
        type: 3}
      propertyPath: m_LocalRotation.w
      value: 1
      objectReference: {fileID: 0}
    - target: {fileID: 5855059999613728833, guid: 67274aa9bc606784895d4416dac968da,
        type: 3}
      propertyPath: m_RootOrder
      value: 1
      objectReference: {fileID: 0}
    - target: {fileID: 5855059999613728833, guid: 67274aa9bc606784895d4416dac968da,
        type: 3}
      propertyPath: m_LocalEulerAnglesHint.x
      value: 0
      objectReference: {fileID: 0}
    - target: {fileID: 5855059999613728833, guid: 67274aa9bc606784895d4416dac968da,
        type: 3}
      propertyPath: m_LocalEulerAnglesHint.y
      value: 0
      objectReference: {fileID: 0}
    - target: {fileID: 5855059999613728833, guid: 67274aa9bc606784895d4416dac968da,
        type: 3}
      propertyPath: m_LocalEulerAnglesHint.z
      value: 0
      objectReference: {fileID: 0}
    - target: {fileID: 5855059999613728833, guid: 67274aa9bc606784895d4416dac968da,
        type: 3}
      propertyPath: m_LocalScale.x
      value: 0.1
      objectReference: {fileID: 0}
    - target: {fileID: 5855059999613728833, guid: 67274aa9bc606784895d4416dac968da,
        type: 3}
      propertyPath: m_LocalScale.y
      value: 0.066250004
      objectReference: {fileID: 0}
    - target: {fileID: 5855059999613728833, guid: 67274aa9bc606784895d4416dac968da,
        type: 3}
      propertyPath: m_LocalScale.z
      value: 0.1
      objectReference: {fileID: 0}
    - target: {fileID: 6053177735028076782, guid: 67274aa9bc606784895d4416dac968da,
        type: 3}
      propertyPath: m_LocalPosition.z
      value: 5
      objectReference: {fileID: 0}
    - target: {fileID: 6509836836713629306, guid: 67274aa9bc606784895d4416dac968da,
        type: 3}
      propertyPath: m_LocalPosition.z
      value: -5
      objectReference: {fileID: 0}
    - target: {fileID: 7161425119252658315, guid: 67274aa9bc606784895d4416dac968da,
        type: 3}
      propertyPath: m_LocalPosition.z
      value: 5
      objectReference: {fileID: 0}
    - target: {fileID: 7252549866858505579, guid: 67274aa9bc606784895d4416dac968da,
        type: 3}
      propertyPath: m_Name
      value: Supports
      objectReference: {fileID: 0}
    - target: {fileID: 7252549866858505579, guid: 67274aa9bc606784895d4416dac968da,
        type: 3}
      propertyPath: m_IsActive
      value: 0
      objectReference: {fileID: 0}
    - target: {fileID: 7991113077629568169, guid: 67274aa9bc606784895d4416dac968da,
        type: 3}
      propertyPath: m_LocalPosition.z
      value: -5
      objectReference: {fileID: 0}
    - target: {fileID: 8094100082750581038, guid: 67274aa9bc606784895d4416dac968da,
        type: 3}
      propertyPath: m_LocalPosition.z
      value: -5
      objectReference: {fileID: 0}
    m_RemovedComponents: []
  m_SourcePrefab: {fileID: 100100000, guid: 67274aa9bc606784895d4416dac968da, type: 3}
--- !u!4 &2300126062972420209 stripped
Transform:
  m_CorrespondingSourceObject: {fileID: 5855059999613728833, guid: 67274aa9bc606784895d4416dac968da,
    type: 3}
  m_PrefabInstance: {fileID: 5668600898986047536}
  m_PrefabAsset: {fileID: 0}
